@article{bressem2020comparing,
    title={Comparing different deep learning architectures for classification of chest radiographs},
    author={Bressem, Keno K and Adams, Lisa C and Erxleben, Christoph and Hamm, Bernd and Niehues, Stefan M and Vahldiek, Janis L},
    journal={Scientific reports},
    volume={10},
    number={1},
    pages={1--16},
    year={2020},
    publisher={Nature Publishing Group}
}
@article{chang2021covnet,
    title={CovNet: A Transfer Learning Framework for Automatic COVID-19 Detection From Crowd-Sourced Cough Sounds},
    author={Chang, Yi and Jing, Xin and Ren, Zhao and Schuller, Bj{\"o}rn W},
    journal={Frontiers in Digital Health},
    volume={3},
    year={2021},
    publisher={Frontiers Media SA}
}
@inproceedings{chollet2017xception,
    title={Xception: Deep learning with depthwise separable convolutions},
    author={Chollet, Fran{\c{c}}ois},
    booktitle={Proceedings of the IEEE conference on computer vision and pattern recognition},
    pages={1251--1258},
    year={2017}
}
@inproceedings{deng2009imagenet,
    title={Imagenet: A large-scale hierarchical image database},
    author={Deng, Jia and Dong, Wei and Socher, Richard and Li, Li-Jia and Li, Kai and Fei-Fei, Li},
    booktitle={2009 IEEE conference on computer vision and pattern recognition},
    pages={248--255},
    year={2009},
    organization={Ieee}
}
@article{dong2020interactive,
    title={An interactive web-based dashboard to track COVID-19 in real time},
    author={Dong, Ensheng and Du, Hongru and Gardner, Lauren},
    journal={The Lancet infectious diseases},
    volume={20},
    number={5},
    pages={533--534},
    year={2020},
    publisher={Elsevier}
}
@article{gunraj2020covidnet,
    title={Covidnet-ct: A tailored deep convolutional neural network design for detection of covid-19 cases from chest ct images},
    author={Gunraj, Hayden and Wang, Linda and Wong, Alexander},
    journal={Frontiers in medicine},
    pages={1025},
    year={2020},
    publisher={Frontiers}
}
@inproceedings{he2016identity,
    title={Identity mappings in deep residual networks},
    author={He, Kaiming and Zhang, Xiangyu and Ren, Shaoqing and Sun, Jian},
    booktitle={European conference on computer vision},
    pages={630--645},
    year={2016},
    organization={Springer}
}
@inproceedings{huang2017densely,
    title={Densely connected convolutional networks},
    author={Huang, Gao and Liu, Zhuang and Van Der Maaten, Laurens and Weinberger, Kilian Q},
    booktitle={Proceedings of the IEEE conference on computer vision and pattern recognition},
    pages={4700--4708},
    year={2017}
}
@article{iandola2016squeezenet,
    title={SqueezeNet: AlexNet-level accuracy with 50x fewer parameters and< 0.5 MB model size},
    author={Iandola, Forrest N and Han, Song and Moskewicz, Matthew W and Ashraf, Khalid and Dally, William J and Keutzer, Kurt},
    journal={arXiv preprint arXiv:1602.07360},
    year={2016}
}
@article{krizhevsky2012imagenet,
    title={Imagenet classification with deep convolutional neural networks},
    author={Krizhevsky, Alex and Sutskever, Ilya and Hinton, Geoffrey E},
    journal={Advances in neural information processing systems},
    volume={25},
    year={2012}
}
@article{mardani2020laboratory,
    title={Laboratory parameters in detection of COVID-19 patients with positive RT-PCR; a diagnostic accuracy study},
    author={Mardani, Rajab and Vasmehjani, Abbas Ahmadi and Zali, Fatemeh and Gholami, Alireza and Nasab, Seyed Dawood Mousavi and Kaghazian, Hooman and Kaviani, Mehdi and Ahmadi, Nayebali},
    journal={Archives of academic emergency medicine},
    volume={8},
    number={1},
    year={2020},
    publisher={Shahid Beheshti University of Medical Sciences}
}
@article{orlandic2021coughvid,
    title={The COUGHVID crowdsourcing dataset, a corpus for the study of large-scale cough analysis algorithms},
    author={Orlandic, Lara and Teijeiro, Tomas and Atienza, David},
    journal={Scientific Data},
    volume={8},
    number={1},
    pages={1--10},
    year={2021},
    publisher={Nature Publishing Group}
}
@article{richens2020improving,
    title={Improving the accuracy of medical diagnosis with causal machine learning},
    author={Richens, Jonathan G and Lee, Ciar{\'a}n M and Johri, Saurabh},
    journal={Nature communications},
    volume={11},
    number={1},
    pages={1--9},
    year={2020},
    publisher={Nature Publishing Group}
}
@article{roberts2021common,
    title={Common pitfalls and recommendations for using machine learning to detect and prognosticate for COVID-19 using chest radiographs and CT scans},
    author={Roberts, Michael and Driggs, Derek and Thorpe, Matthew and Gilbey, Julian and Yeung, Michael and Ursprung, Stephan and Aviles-Rivero, Angelica I and Etmann, Christian and McCague, Cathal and Beer, Lucian and others},
    journal={Nature Machine Intelligence},
    volume={3},
    number={3},
    pages={199--217},
    year={2021},
    publisher={Nature Publishing Group}
}
@article{rosenthal2020importance,
    title={The importance of diagnostic testing during a viral pandemic: early lessons from novel coronavirus disease (CoVID-19)},
    author={Rosenthal, Philip J},
    journal={The American journal of tropical medicine and hygiene},
    volume={102},
    number={5},
    pages={915},
    year={2020},
    publisher={The American Society of Tropical Medicine and Hygiene}
}
@article{wang2020covid,
    title={Covid-net: A tailored deep convolutional neural network design for detection of covid-19 cases from chest x-ray images},
    author={Wang, Linda and Lin, Zhong Qiu and Wong, Alexander},
    journal={Scientific Reports},
    volume={10},
    number={1},
    pages={1--12},
    year={2020},
    publisher={Nature Publishing Group}
}
@article{zhang2020covid19xraynet,
    title={COVID19XrayNet: a two-step transfer learning model for the COVID-19 detecting problem based on a limited number of chest X-ray images},
    author={Zhang, Ruochi and Guo, Zhehao and Sun, Yue and Lu, Qi and Xu, Zijian and Yao, Zhaomin and Duan, Meiyu and Liu, Shuai and Ren, Yanjiao and Huang, Lan and others},
    journal={Interdisciplinary Sciences: Computational Life Sciences},
    volume={12},
    number={4},
    pages={555--565},
    year={2020},
    publisher={Springer}
}
@inproceedings{ahmad2013kanban,
    title={Kanban in software development: A systematic literature review},
    author={Ahmad, Muhammad Ovais and Markkula, Jouni and Oivo, Markku},
    booktitle={2013 39th Euromicro conference on software engineering and advanced applications},
    pages={9--16},
    year={2013},
    organization={IEEE}
}
@inproceedings{senapathi2011factors,
    title={Factors affecting effectiveness of agile usage--insights from the BBC worldwide case study},
    author={Senapathi, Mali and Middleton, Peter and Evans, Gareth},
    booktitle={International Conference on Agile Software Development},
    pages={132--145},
    year={2011},
    organization={Springer}
}
@online{InstallT17:online,
    author = {Google},
    title = {Install TensorFlow with pip},
    url = {https://www.tensorflow.org/install/pip},
    month = {},
    year = {2022},
    urldate = {2022-04-13}
}
@online{CUDAZone2:online,
    author = {NVIDIA},
    title = {CUDA Zone | NVIDIA Developer},
    url = {https://developer.nvidia.com/cuda-zone},
    month = {},
    year = {2022},
    urldate = {2022-04-13}
}
@online{Introduc93:online,
    author = {White, Steven and Jenks, Alma and Sharkey, Kent},
    title = {Introduction to DirectML | Microsoft Docs},
    url = {https://docs.microsoft.com/en-gb/windows/ai/directml/dml-intro},
    month = {},
    year = {2022},
    urldate = {2022-04-13}
}
@online{PYPLPopu3:online,
    author = {Carbonnelle, Pierre },
    title = {PYPL PopularitY of Programming Language index},
    url = {https://pypl.github.io/PYPL.html},
    month = {},
    year = {2022},
    urldate = {2022-04-20}
}
@article{raschka2020machine,
  title={Machine learning in python: Main developments and technology trends in data science, machine learning, and artificial intelligence},
  author={Raschka, Sebastian and Patterson, Joshua and Nolet, Corey},
  journal={Information},
  volume={11},
  number={4},
  pages={193},
  year={2020},
  publisher={Multidisciplinary Digital Publishing Institute}
}
@article{erickson2017toolkits,
  title={Toolkits and libraries for deep learning},
  author={Erickson, Bradley J and Korfiatis, Panagiotis and Akkus, Zeynettin and Kline, Timothy and Philbrick, Kenneth},
  journal={Journal of digital imaging},
  volume={30},
  number={4},
  pages={400--405},
  year={2017},
  publisher={Springer}
}
@article{srinath2017python,
    title={Python--the fastest growing programming language},
    author={Srinath, KR},
    journal={International Research Journal of Engineering and Technology (IRJET)},
    volume={4},
    number={12},
    pages={354--357},
    year={2017},
    publisher={Fast Track Publications}
}
@online{TensorFl5:online,
    author = {TensorFlow},
    title = {TensorFlow},
    url = {https://www.tensorflow.org/},
    month = {},
    year = {},
    urldate = {2022-04-30}
}
@online{TensorBo28:online,
    author = {TensorFlow},
    title = {TensorBoard  |  TensorFlow},
    url = {https://www.tensorflow.org/tensorboard},
    month = {},
    year = {},
    urldate = {2022-05-02}
}
@online{VertexAI57:online,
    author = {Google},
    title = {Vertex AI  |  Google Cloud},
    url = {https://cloud.google.com/vertex-ai/},
    month = {},
    year = {},
    urldate = {2022-05-02}
}
@online{CloudSto72:online,
    author = {Google},
    title = {Cloud Storage  |  Google Cloud},
    url = {https://cloud.google.com/storage},
    month = {},
    year = {},
    urldate = {2022-05-02}
}
@online{33Metric9:online,
    author = {scikit-learn},
    title = {3.3. Metrics and scoring: quantifying the quality of predictions — scikit-learn 1.0.2 documentation},
    url = {https://scikit-learn.org/stable/modules/model_evaluation.html},
    month = {},
    year = {2022},
    urldate = {2022-05-02}
}
@online{31Crossv34:online,
    author = {scikit-learn},
    title = {3.1. Cross-validation: evaluating estimator performance — scikit-learn 1.0.2 documentation},
    url = {https://scikit-learn.org/stable/modules/cross_validation.html},
    month = {},
    year = {2022},
    urldate = {2022-05-02}
}
@online{Modeltra48:online,
    author = {Keras},
    title = {Model training APIs},
    url = {https://keras.io/api/models/model_training_apis/#evaluate-method},
    month = {},
    year = {},
    urldate = {2022-05-03}
}
@online{AboutKer65:online,
    author = {Keras},
    title = {About Keras},
    url = {https://keras.io/about/},
    month = {},
    year = {},
    urldate = {2022-05-03}
}
@online{pandasPy63:online,
    author = {pandas},
    title = {pandas - Python Data Analysis Library},
    url = {https://pandas.pydata.org/},
    month = {},
    year = {},
    urldate = {2022-05-03}
}
@article{hale2018deep,
  title={Deep learning framework power scores 2018},
  author={Hale, Jeff},
  journal={towards data science},
  year={2018}
}
@online{NumPy90:online,
    author = {NumPy},
    title = {NumPy},
    url = {https://numpy.org/},
    month = {},
    year = {},
    urldate = {2022-05-03}
}